@book{lamarre2002tracking,
	title={Tracking and Activity Classification in Video Surveillance Applications},
	author={Lamarre, M.},
	url={http://digitool.library.mcgill.ca/webclient/StreamGate?folder_id=0&dvs=1393296165809~863},
	year={2002},
	publisher={McGill University}
}


